<record><leader>00000cas a2200000 a 4500</leader><controlfield tag="001">28240017</controlfield><controlfield tag="008">930609d19171923caudn ne      0    0eng c</controlfield><datafield ind1=" " ind2=" " tag="010"><subfield code="a">sn 93053301 </subfield></datafield><datafield ind1=" " ind2=" " tag="040"><subfield code="a">CNK</subfield><subfield code="b">eng</subfield><subfield code="c">CNK</subfield><subfield code="d">OCLCQ</subfield><subfield code="d">CNK</subfield><subfield code="d">OCLCQ</subfield><subfield code="d">OCLCF</subfield><subfield code="d">OCLCO</subfield></datafield><datafield ind1="1" ind2=" " tag="029"><subfield code="a">AU@</subfield><subfield code="b">000025905740</subfield></datafield><datafield ind1=" " ind2=" " tag="042"><subfield code="a">pcc</subfield></datafield><datafield ind1=" " ind2=" " tag="043"><subfield code="a">n-us-ca</subfield></datafield><datafield ind1="0" ind2="0" tag="245"><subfield code="a">Monterey daily cypress and Monterey American.</subfield></datafield><datafield ind1=" " ind2=" " tag="260"><subfield code="a">Monterey, Calif. :</subfield><subfield code="b">Sandholdt &amp; Brown</subfield></datafield><datafield ind1=" " ind2=" " tag="300"><subfield code="a">v.</subfield></datafield><datafield ind1=" " ind2=" " tag="310"><subfield code="a">Daily (except Sun.)</subfield></datafield><datafield ind1="0" ind2=" " tag="362"><subfield code="a">Vol. 25, no. 106 (Nov. 1, 1917)-</subfield></datafield><datafield ind1="1" ind2=" " tag="362"><subfield code="a">Ceased in 1923.</subfield></datafield><datafield ind1=" " ind2=" " tag="530"><subfield code="a">Master negatives are available for duplication from:</subfield><subfield code="b">California Newspaper Microfilm Archive;</subfield><subfield code="c">positive copies may be purchased by the reel; for further information consult the CNMA at:</subfield><subfield code="u">http://cbsr.ucr.edu</subfield></datafield><datafield ind1=" " ind2="0" tag="651"><subfield code="a">Monterey (Calif.)</subfield><subfield code="v">Newspapers.</subfield></datafield><datafield ind1=" " ind2="7" tag="655"><subfield code="a">Newspapers.</subfield><subfield code="2">fast</subfield><subfield code="0">(OCoLC)fst01423814</subfield></datafield><datafield ind1=" " ind2="7" tag="651"><subfield code="a">California</subfield><subfield code="z">Monterey.</subfield><subfield code="2">fast</subfield><subfield code="0">(OCoLC)fst01205633</subfield></datafield><datafield ind1=" " ind2=" " tag="752"><subfield code="a">United States</subfield><subfield code="b">California</subfield><subfield code="c">Monterey</subfield><subfield code="d">Monterey.</subfield></datafield><datafield ind1="0" ind2="4" tag="780"><subfield code="t">Monterey American</subfield><subfield code="w">(DLC)sn 98061662</subfield></datafield><datafield ind1="0" ind2="4" tag="780"><subfield code="t">Monterey daily cypress</subfield><subfield code="w">(DLC)sn 93053300</subfield></datafield><datafield ind1="0" ind2="7" tag="785"><subfield code="t">Peninsula daily herald (Monterey, Calif. : 1922)</subfield><subfield code="w">(DLC)sn 98061663</subfield></datafield><datafield ind1="0" ind2="7" tag="785"><subfield code="t">Peninsula daily herald and Monterey daily cypress and Monterey American</subfield><subfield code="w">(DLC)sn 98061664</subfield></datafield></record>